<record><leader>00000cas a22000007a 4500</leader><controlfield tag="001">10125487</controlfield><controlfield tag="008">831114d19611983mduwr ne      0   a0eng d</controlfield><datafield ind1=" " ind2=" " tag="010"><subfield code="a">sn 83003226 </subfield></datafield><datafield ind1=" " ind2=" " tag="040"><subfield code="a">NSD</subfield><subfield code="b">eng</subfield><subfield code="c">NSD</subfield><subfield code="d">MFN</subfield><subfield code="d">OCLCQ</subfield></datafield><datafield ind1=" " ind2=" " tag="012"><subfield code="m">1</subfield></datafield><datafield ind1="1" ind2=" " tag="022"><subfield code="a">0746-5424</subfield><subfield code="l">0746-5424</subfield><subfield code="2">1</subfield></datafield><datafield ind1=" " ind2=" " tag="032"><subfield code="a">113920</subfield><subfield code="b">USPS</subfield></datafield><datafield ind1=" " ind2=" " tag="042"><subfield code="a">nsdp</subfield></datafield><datafield ind1="0" ind2=" " tag="130"><subfield code="a">Citizen (Frostburg, Md.)</subfield></datafield><datafield ind1=" " ind2="4" tag="222"><subfield code="a">The Citizen</subfield><subfield code="b">(Frostburg, Md.)</subfield></datafield><datafield ind1="1" ind2="4" tag="245"><subfield code="a">The citizen.</subfield></datafield><datafield ind1=" " ind2=" " tag="260"><subfield code="a">Cumberland, Md. :</subfield><subfield code="b">Rosenbaum Enterprises, Inc.</subfield></datafield><datafield ind1=" " ind2=" " tag="300"><subfield code="a">v.</subfield></datafield><datafield ind1=" " ind2=" " tag="310"><subfield code="a">Weekly</subfield></datafield><datafield ind1="0" ind2=" " tag="362"><subfield code="a">Vol. 1, no. 124 (Nov. 14, 1961)-v. 23, no. 41 (Oct. 27, 1983).</subfield></datafield><datafield ind1=" " ind2=" " tag="500"><subfield code="a">Published for Frostburg and Oakland, Md.</subfield></datafield><datafield ind1=" " ind2=" " tag="752"><subfield code="a">United States</subfield><subfield code="b">Maryland</subfield><subfield code="c">Allegany</subfield><subfield code="d">Frostburg.</subfield></datafield><datafield ind1=" " ind2=" " tag="752"><subfield code="a">United States</subfield><subfield code="b">Maryland</subfield><subfield code="c">Allegany</subfield><subfield code="d">Cumberland.</subfield></datafield><datafield ind1=" " ind2=" " tag="752"><subfield code="a">United States</subfield><subfield code="b">Maryland</subfield><subfield code="c">Garrett</subfield><subfield code="d">Oakland.</subfield></datafield><datafield ind1="0" ind2="0" tag="780"><subfield code="t">Allegany Garrett citizen</subfield><subfield code="w">(DLC)sn 90057178</subfield></datafield><datafield ind1="0" ind2="0" tag="785"><subfield code="t">Citizen record (Grantsville, Md.)</subfield><subfield code="w">(DLC)sn 89060097</subfield></datafield><datafield ind1=" " ind2=" " tag="936"><subfield code="a">Oct. 20, 1983</subfield></datafield></record>